<record><leader>00000cas a22000007a 4500</leader><controlfield tag="001">11629313</controlfield><controlfield tag="008">850128d185418uunyudn ne      0    0eng d</controlfield><datafield ind1=" " ind2=" " tag="010"><subfield code="a">sn 85054120 </subfield></datafield><datafield ind1=" " ind2=" " tag="040"><subfield code="a">NYG</subfield><subfield code="b">eng</subfield><subfield code="c">NYG</subfield><subfield code="d">NPX</subfield><subfield code="d">NPH</subfield><subfield code="d">NYS</subfield><subfield code="d">OCL</subfield><subfield code="d">OCLCQ</subfield><subfield code="d">OCLCF</subfield><subfield code="d">OCLCO</subfield></datafield><datafield ind1="1" ind2=" " tag="029"><subfield code="a">AU@</subfield><subfield code="b">000020235482</subfield></datafield><datafield ind1=" " ind2=" " tag="042"><subfield code="a">msc</subfield></datafield><datafield ind1=" " ind2=" " tag="043"><subfield code="a">n-us-ny</subfield></datafield><datafield ind1="0" ind2=" " tag="130"><subfield code="a">Elmira advertiser (Elmira, N.Y. : 1854)</subfield></datafield><datafield ind1="1" ind2="0" tag="245"><subfield code="a">Elmira advertiser.</subfield></datafield><datafield ind1="1" ind2="3" tag="246"><subfield code="a">Daily advertiser</subfield></datafield><datafield ind1="1" ind2="7" tag="246"><subfield code="a">Elmira daily advertiser</subfield></datafield><datafield ind1=" " ind2=" " tag="260"><subfield code="a">Elmira, Chemung County, N.Y. :</subfield><subfield code="b">Fairman Bros.</subfield></datafield><datafield ind1=" " ind2=" " tag="300"><subfield code="a">v. :</subfield><subfield code="b">ill. (chiefly adv.) ;</subfield><subfield code="c">44 cm.</subfield></datafield><datafield ind1=" " ind2=" " tag="310"><subfield code="a">Daily (except Sunday),</subfield><subfield code="b">&lt;June 4, 1855-Feb. 16, 1856&gt;</subfield></datafield><datafield ind1=" " ind2=" " tag="321"><subfield code="a">Daily,</subfield><subfield code="b">Feb. 8, 1854-</subfield></datafield><datafield ind1="0" ind2=" " tag="362"><subfield code="a">Vol. 1, no. 1 (Feb. 8, 1854)-</subfield></datafield><datafield ind1=" " ind2=" " tag="500"><subfield code="a">Publishers: Fairman Brothers, 1854-1855; S.B. Fairman, 1855-&lt;1856&gt;.</subfield></datafield><datafield ind1=" " ind2=" " tag="515"><subfield code="a">Suspended in Dec. 1854; resumed with Feb. 19, 1855 issue. Cf. Towner, A. Our county and its people, 1892.</subfield></datafield><datafield ind1=" " ind2=" " tag="515"><subfield code="a">Dec. 7, 1855 issue misdated Nov. 30, 1855.</subfield></datafield><datafield ind1=" " ind2=" " tag="530"><subfield code="a">Available on microfilm from Eastman Kodak Co.; Micro Photo Division, Bell &amp; Howell.</subfield></datafield><datafield ind1=" " ind2=" " tag="580"><subfield code="a">Weekly eds.: Elmira advertiser (Elmira, N.Y. : Weekly), 185&lt;4&gt;-1858, and: Elmira weekly advertiser and Chemung County Republican, 1858-18&lt;59&gt;.</subfield></datafield><datafield ind1=" " ind2="0" tag="651"><subfield code="a">Elmira (N.Y.)</subfield><subfield code="v">Newspapers.</subfield></datafield><datafield ind1=" " ind2="7" tag="655"><subfield code="a">Newspapers.</subfield><subfield code="2">fast</subfield><subfield code="0">(OCoLC)fst01423814</subfield></datafield><datafield ind1=" " ind2="7" tag="651"><subfield code="a">New York (State)</subfield><subfield code="z">Elmira.</subfield><subfield code="2">fast</subfield><subfield code="0">(OCoLC)fst01214392</subfield></datafield><datafield ind1=" " ind2=" " tag="752"><subfield code="a">United States</subfield><subfield code="b">New York</subfield><subfield code="c">Chemung</subfield><subfield code="d">Elmira.</subfield></datafield><datafield ind1="1" ind2=" " tag="775"><subfield code="a">Elmira advertiser (Elmira, N.Y. : Weekly)</subfield><subfield code="w">(DLC)sn 90066597</subfield><subfield code="w">(OCoLC)22852623</subfield></datafield><datafield ind1="1" ind2=" " tag="775"><subfield code="a">Elmira weekly advertiser and Chemung County Republican</subfield><subfield code="w">(DLC)sn 85054482</subfield></datafield><datafield ind1="0" ind2="0" tag="785"><subfield code="t">Elmira daily advertiser</subfield><subfield code="w">(DLC)sn 83030951</subfield></datafield></record>